
@ARTICLE{Barba2013modules,
  title   = "Identifying reaction modules in metabolic pathways: bioinformatic
             deduction and experimental validation of a new putative route in
             purine catabolism",
  author  = "Barba, Matthieu and Dutoit, Raphael and Legrain, Christianne and
             Labedan, Bernard",
  journal = "BMC Syst. Biol.",
  volume  =  7,
  number  =  1,
  pages   = "99",
  year    =  2013
}


@article{riche2010untangling,
  title={Untangling euler diagrams},
  author={Riche, Nathalie Henry and Dwyer, Tim},
  journal={IEEE Transactions on Visualization and Computer Graphics},
  volume={16},
  number={6},
  pages={1090--1099},
  year={2010},
  publisher={Institute of Electrical and Electronics Engineers, Inc., 3 Park Avenue, 17 th Fl New York NY 10016-5997 USA}
}

@article{reactome,
  title={Reactome: a knowledgebase of biological pathways},
  author={Joshi-Tope, G and Gillespie, Marc and Vastrik, Imre and D'Eustachio, Peter and Schmidt, Esther and de Bono, Bernard and Jassal, Bijay and Gopinath, GR and Wu, GR and Matthews, Lisa and others},
  journal={Nucleic acids research},
  volume={33},
  number={suppl 1},
  pages={D428--D432},
  year={2005},
  publisher={Oxford Univ Press}
}

@article{kegg,   title={KEGG Pathway Database},   author={Qiu, Yu-Qing},   journal={Encyclopedia of Systems Biology},   pages={1068--1069},   year={2013},   publisher={Springer} }

@article{pathwaycommons,
  title={Pathway Commons, a web resource for biological pathway data},
  author={Cerami, Ethan G and Gross, Benjamin E and Demir, Emek and Rodchenkov, Igor and Babur, {\"O}zg{\"u}n and Anwar, Nadia and Schultz, Nikolaus and Bader, Gary D and Sander, Chris},
  journal={Nucleic acids research},
  volume={39},
  number={suppl 1},
  pages={D685--D690},
  year={2011},
  publisher={Oxford Univ Press}
}

@article{stateoftheart,
  title={Visualizing biological pathways: requirements analysis, systems evaluation and research agenda},
  author={Saraiya, Purvi and North, Chris and Duca, Karen},
  journal={Information Visualization},
  volume={4},
  number={3},
  pages={191--205},
  year={2005},
  publisher={SAGE Publications}
}

@article{graphssurvey,
  title={Graph visualization and navigation in information visualization: A survey},
  author={Herman, Ivan and Melan{\c{c}}on, Guy and Marshall, M Scott},
  journal={Visualization and Computer Graphics, IEEE Transactions on},
  volume={6},
  number={1},
  pages={24--43},
  year={2000},
  publisher={IEEE}
}

@article{cytoscape,
  title={Cytoscape: a software environment for integrated models of biomolecular interaction networks},
  author={Shannon, Paul and Markiel, Andrew and Ozier, Owen and Baliga, Nitin S and Wang, Jonathan T and Ramage, Daniel and Amin, Nada and Schwikowski, Benno and Ideker, Trey},
  journal={Genome research},
  volume={13},
  number={11},
  pages={2498--2504},
  year={2003},
  publisher={Cold Spring Harbor Lab}
}

@article{linesets,
  title={Design study of linesets, a novel set visualization technique},
  author={Alper, Basak and Riche, Nathalie Henry and Ramos, Gonzalo and Czerwinski, Mary},
  journal={Visualization and Computer Graphics, IEEE Transactions on},
  volume={17},
  number={12},
  pages={2259--2267},
  year={2011},
  publisher={IEEE}
}

@article{collins2009bubble,
  title={Bubble sets: Revealing set relations with isocontours over existing visualizations},
  author={Collins, Christopher and Penn, Gerald and Carpendale, Sheelagh},
  journal={Visualization and Computer Graphics, IEEE Transactions on},
  volume={15},
  number={6},
  pages={1009--1016},
  year={2009},
  publisher={IEEE}
}

@article{graphviz,
  title={Graphvizâ€”open source graph drawing tools},
  author={Ellson, John and Gansner, Emden and Koutsofios, Lefteris and North, Stephen C and Woodhull, Gordon},
  booktitle={Graph Drawing},
  pages={483--484},
  year={2002},
  organization={Springer}
}

@article{klukas2007dynamic,
  title={Dynamic exploration and editing of KEGG pathway diagrams},
  author={Klukas, Christian and Schreiber, Falk},
  journal={Bioinformatics},
  volume={23},
  number={3},
  pages={344--350},
  year={2007},
  publisher={Oxford Univ Press}
}

@article{xia2010metpa,
  title={MetPA: a web-based metabolomics tool for pathway analysis and visualization},
  author={Xia, Jianguo and Wishart, David S},
  journal={Bioinformatics},
  volume={26},
  number={18},
  pages={2342--2344},
  year={2010},
  publisher={Oxford Univ Press}
}

@article{hu2007towards,
  title={Towards zoomable multidimensional maps of the cell},
  author={Hu, Zhenjun and Mellor, Joe and Wu, Jie and Kanehisa, Minoru and Stuart, Joshua M and DeLisi, Charles},
  journal={Nature biotechnology},
  volume={25},
  number={5},
  pages={547--554},
  year={2007},
  publisher={Nature Publishing Group}
}

@article{bourqui2007metabolic,
  title={Metabolic network visualization eliminating node redundance and preserving metabolic pathways},
  author={Bourqui, Romain and Cottret, Ludovic and Lacroix, Vincent and Auber, David and Mary, Patrick and Sagot, Marie-France and Jourdan, Fabien},
  journal={BMC systems biology},
  volume={1},
  number={1},
  pages={29},
  year={2007},
  publisher={BioMed Central Ltd}
}

@article{hu2004visant,
  title={VisANT: an online visualization and analysis tool for biological interaction data},
  author={Hu, Zhenjun and Mellor, Joseph and Wu, Jie and DeLisi, Charles},
  journal={BMC bioinformatics},
  volume={5},
  number={1},
  pages={17},
  year={2004},
  publisher={BioMed Central Ltd}
}

@article{hu2013visant,
  title={VisANT 4.0: integrative network platform to connect genes, drugs, diseases and therapies},
  author={Hu, Zhenjun and Chang, Yi-Chien and Wang, Yan and Huang, Chia-Ling and Liu, Yang and Tian, Feng and Granger, Brian and DeLisi, Charles},
  journal={Nucleic acids research},
  volume={41},
  number={W1},
  pages={W225--W231},
  year={2013},
  publisher={Oxford Univ Press}
}

@article{holford2005vitapad,
  title={VitaPad: visualization tools for the analysis of pathway data},
  author={Holford, Matthew and Li, Naixin and Nadkarni, Prakash and Zhao, Hongyu},
  journal={Bioinformatics},
  volume={21},
  number={8},
  pages={1596--1602},
  year={2005},
  publisher={Oxford Univ Press}
}

@article{paley2006pathway,
  title={The pathway tools cellular overview diagram and omics viewer},
  author={Paley, Suzanne M and Karp, Peter D},
  journal={Nucleic Acids Research},
  volume={34},
  number={13},
  pages={3771--3778},
  year={2006},
  publisher={Oxford Univ Press}
}

@article{babur2010chibe,
  title={ChiBE: interactive visualization and manipulation of BioPAX pathway models},
  author={Babur, Ozgun and Dogrusoz, Ugur and Demir, Emek and Sander, Chris},
  journal={Bioinformatics},
  volume={26},
  number={3},
  pages={429--431},
  year={2010},
  publisher={Oxford Univ Press}
}

@article{meulemans2013kelpfusion,
  title={KelpFusion: A hybrid set visualization technique},
  author={Meulemans, Wouter and Riche, Nathalie Henry and Speckmann, Bettina and Alper, Basak and Dwyer, Tim},
  journal={Visualization and Computer Graphics, IEEE Transactions on},
  volume={19},
  number={11},
  pages={1846--1858},
  year={2013},
  publisher={IEEE}
}

@article{collins2009bubble,
  title={Bubble sets: Revealing set relations with isocontours over existing visualizations},
  author={Collins, Christopher and Penn, Gerald and Carpendale, Sheelagh},
  journal={Visualization and Computer Graphics, IEEE Transactions on},
  volume={15},
  number={6},
  pages={1009--1016},
  year={2009},
  publisher={IEEE}
}

@article{lex2013entourage,
  title={Entourage: Visualizing relationships between biological pathways using contextual subsets},
  author={Lex, Alexander and Partl, Christian and Kalkofen, Denis and Streit, Marc and Gratzl, Samuel and Wassermann, Anne Mai and Schmalstieg, Dieter and Pfister, Hanspeter},
  journal={Visualization and Computer Graphics, IEEE Transactions on},
  volume={19},
  number={12},
  pages={2536--2545},
  year={2013},
  publisher={IEEE}
}

@article{longabaugh2012combing,
  title={Combing the hairball with BioFabric: a new approach for visualization of large networks},
  author={Longabaugh, William JR},
  journal={BMC bioinformatics},
  volume={13},
  number={1},
  pages={275},
  year={2012},
  publisher={BioMed Central Ltd}
}


@ARTICLE{Gehlenborg2010omics,
  title       = "Visualization of omics data for systems biology",
  author      = "Gehlenborg, Nils and O'Donoghue, Se\'{a}n I and Baliga, Nitin
                 S and Goesmann, Alexander and Hibbs, Matthew A and Kitano,
                 Hiroaki and Kohlbacher, Oliver and Neuweger, Heiko and
                 Schneider, Reinhard and Tenenbaum, Dan and Gavin, Anne-Claude",
  affiliation = "European Bioinformatics Institute, Cambridge, UK.",
  journal     = "Nat. Methods",
  volume      =  7,
  number      = "3 Suppl",
  pages       = "S56--68",
  month       =  mar,
  year        =  2010
}



@article{croft2014reactome,
  title={The Reactome pathway knowledgebase},
  author={Croft, David and Mundo, Antonio Fabregat and Haw, Robin and Milacic, Marija and Weiser, Joel and Wu, Guanming and Caudy, Michael and Garapati, Phani and Gillespie, Marc and Kamdar, Maulik R and others},
  journal={Nucleic acids research},
  volume={42},
  number={D1},
  pages={D472--D477},
  year={2014},
  publisher={Oxford Univ Press}
}

@article{demir2010biopax,
  title={The BioPAX community standard for pathway data sharing},
  author={Demir, Emek and Cary, Michael P and Paley, Suzanne and Fukuda, Ken and Lemer, Christian and Vastrik, Imre and Wu, Guanming and D'Eustachio, Peter and Schaefer, Carl and Luciano, Joanne and others},
  journal={Nature biotechnology},
  volume={28},
  number={9},
  pages={935--942},
  year={2010},
  publisher={Nature Publishing Group}
}

@online{Rb-E2F1,
  author = {Walworth, Bosco, O'Donnell},
  title = {Rb-E2F1 Pathway},
  year = {2005},
  url = {http://www.reactome.org/PathwayBrowser/#DIAGRAM=453279},
  urldate = {2015-2-15}
}

@article{holten2006hierarchical,
  title={Hierarchical edge bundles: Visualization of adjacency relations in hierarchical data},
  author={Holten, Danny},
  journal={Visualization and Computer Graphics, IEEE Transactions on},
  volume={12},
  number={5},
  pages={741--748},
  year={2006},
  publisher={IEEE}
}

@inproceedings{sarkar1992graphical,
  title={Graphical fisheye views of graphs},
  author={Sarkar, Manojit and Brown, Marc H},
  booktitle={Proceedings of the SIGCHI conference on Human factors in computing systems},
  pages={83--91},
  year={1992},
  organization={ACM}
}


@inproceedings{lambert2012visualizing,
  title={Visualizing patterns in Node-link Diagrams},
  author={Lambert, Antoine and Queyroi, Fran{\c{c}}ois and Bourqui, Romain},
  booktitle={Information Visualisation (IV), 2012 16th International Conference on},
  pages={48--53},
  year={2012},
  organization={IEEE}
}

@inproceedings{itoh2009hybrid,
  title={A hybrid space-filling and force-directed layout method for visualizing multiple-category graphs},
  author={Itoh, Takayuki and Muelder, Chris and Ma, Kwan-Liu and Sese, Jun},
  booktitle={Visualization Symposium, 2009. PacificVis' 09. IEEE Pacific},
  pages={121--128},
  year={2009},
  organization={IEEE}
}

@article{stephenson2005introduction,
  title={Introduction to circle packing},
  author={Stephenson, Kenneth},
  journal={The Theory of Discrete Analytic Functions, Cambridge University Press, Cambridge},
  year={2005}
}

@article{kimelman1995reduction,
  title={Reduction of visual complexity in dynamic graphs},
  author={Kimelman, Doug and Leban, Bruce and Roth, Tova and Zernik, Dror},
  booktitle={Graph Drawing},
  pages={218--225},
  year={1995},
  organization={Springer}
}


@ARTICLE{Demir2010biopax,
  title       = "The {BioPAX} community standard for pathway data sharing",
  author      = "Demir, Emek and Cary, Michael P and Paley, Suzanne and Fukuda,
                 Ken and Lemer, Christian and Vastrik, Imre and Wu, Guanming
                 and D'Eustachio, Peter and Schaefer, Carl and Luciano, Joanne
                 and Schacherer, Frank and Martinez-Flores, Irma and Hu,
                 Zhenjun and Jimenez-Jacinto, Veronica and Joshi-Tope, Geeta
                 and Kandasamy, Kumaran and Lopez-Fuentes, Alejandra C and Mi,
                 Huaiyu and Pichler, Elgar and Rodchenkov, Igor and Splendiani,
                 Andrea and Tkachev, Sasha and Zucker, Jeremy and Gopinath,
                 Gopal and Rajasimha, Harsha and Ramakrishnan, Ranjani and
                 Shah, Imran and Syed, Mustafa and Anwar, Nadia and Babur,
                 Ozg{\"{u}}n and Blinov, Michael and Brauner, Erik and Corwin,
                 Dan and Donaldson, Sylva and Gibbons, Frank and Goldberg,
                 Robert and Hornbeck, Peter and Luna, Augustin and Murray-Rust,
                 Peter and Neumann, Eric and Ruebenacker, Oliver and
                 Reubenacker, Oliver and Samwald, Matthias and van Iersel,
                 Martijn and Wimalaratne, Sarala and Allen, Keith and Braun,
                 Burk and Whirl-Carrillo, Michelle and Cheung, Kei-Hoi and
                 Dahlquist, Kam and Finney, Andrew and Gillespie, Marc and
                 Glass, Elizabeth and Gong, Li and Haw, Robin and Honig,
                 Michael and Hubaut, Olivier and Kane, David and Krupa, Shiva
                 and Kutmon, Martina and Leonard, Julie and Marks, Debbie and
                 Merberg, David and Petri, Victoria and Pico, Alex and
                 Ravenscroft, Dean and Ren, Liya and Shah, Nigam and Sunshine,
                 Margot and Tang, Rebecca and Whaley, Ryan and Letovksy, Stan
                 and Buetow, Kenneth H and Rzhetsky, Andrey and Schachter,
                 Vincent and Sobral, Bruno S and Dogrusoz, Ugur and McWeeney,
                 Shannon and Aladjem, Mirit and Birney, Ewan and Collado-Vides,
                 Julio and Goto, Susumu and Hucka, Michael and Le Nov\`{e}re,
                 Nicolas and Maltsev, Natalia and Pandey, Akhilesh and Thomas,
                 Paul and Wingender, Edgar and Karp, Peter D and Sander, Chris
                 and Bader, Gary D",
  affiliation = "Computational Biology, Memorial Sloan-Kettering Cancer Center,
                 New York, New York, USA.",
  journal     = "Nat. Biotechnol.",
  publisher   = "nature.com",
  volume      =  28,
  number      =  9,
  pages       = "935--942",
  month       =  sep,
  year        =  2010
}



@ARTICLE{Dinkla2012compressed,
  title    = "Compressed Adjacency Matrices: Untangling Gene Regulatory
              Networks",
  author   = "Dinkla, K and Westenberg, M A and van Wijk, J J",
  journal  = "IEEE Trans. Vis. Comput. Graph.",
  volume   =  18,
  number   =  12,
  pages    = "2457--2466",
  month    =  dec,
  year     =  2012,
  keywords = "biology computing;data visualisation;genetics;matrix
              algebra;network theory (graphs);compressed adjacency
              matrices;directed networks;gene regulatory
              networks;motifs;neatly-arranged visualization;network
              characteristics;node-link diagrams;rearrangement
              clustering;scale-free distribution;sparse network;standard
              adjacency matrix;standard visualization;structural
              characteristics;visualization domain;Bismuth;Computer aided
              manufacturing;Layout;Proteins;Sparse
              matrices;Standards;Visualization;Network;adjacency matrix;gene
              regulation;scale-free"
}



@ARTICLE{Longabaugh2012biofabric,
  title       = "Combing the hairball with {BioFabric}: a new approach for
                 visualization of large networks",
  author      = "Longabaugh, William J R",
  affiliation = "Institute for Systems Biology, 401 Terry Avenue North,
                 Seattle, WA 98109-5234, USA. wlongabaugh@systemsbiology.org",
  journal     = "BMC Bioinformatics",
  volume      =  13,
  pages       = "275",
  month       =  "27~" # oct,
  year        =  2012
}



@ARTICLE{Elliott2008pathcase,
  title       = "{PathCase}: pathways database system",
  author      = "Elliott, Brendan and Kirac, Mustafa and Cakmak, Ali and Yavas,
                 Gokhan and Mayes, Stephen and Cheng, En and Wang, Yuan and
                 Gupta, Chirag and Ozsoyoglu, Gultekin and Meral Ozsoyoglu,
                 Zehra",
  affiliation = "Department of Electrical Engineering and Computer Science,
                 Case Western Reserve University, Cleveland, OH 44106, USA.",
  journal     = "Bioinformatics",
  publisher   = "Oxford Univ Press",
  volume      =  24,
  number      =  21,
  pages       = "2526--2533",
  month       =  "1~" # nov,
  year        =  2008
}



@ARTICLE{Funahashi2008cell-designer,
  title    = "{CellDesigner} 3.5: A Versatile Modeling Tool for Biochemical
              Networks",
  author   = "Funahashi, A and Matsuoka, Y and Jouraku, Akiya and Morohashi, M
              and Kikuchi, N and Kitano, H",
  journal  = "Proc. IEEE",
  volume   =  96,
  number   =  8,
  pages    = "1254--1265",
  month    =  aug,
  year     =  2008,
  keywords = "Java;biochemistry;biocomputing;graphical user
              interfaces;specification languages;CellDesigner
              3.5;Java;biochemical networks;gene regulatory;graphical
              representation;graphical user interface;model describing
              basis;systems biology markup language;versatile modeling
              tool;Analytical models;Biological system modeling;Graphical user
              interfaces;Logic;Markup languages;Software packages;Solid
              modeling;Systems biology;Usability;Visualization;Biochemical
              simulation;SBGN;SBML;kinetic modeling;systems biology"
}



@ARTICLE{Latendresse2012biocyc,
  title       = "Browsing metabolic and regulatory networks with {BioCyc}",
  author      = "Latendresse, Mario and Paley, Suzanne and Karp, Peter D",
  affiliation = "SRI International, Menlo Park, CA, USA. latendre@ai.sri.com",
  journal     = "Methods Mol. Biol.",
  publisher   = "Springer",
  volume      =  804,
  pages       = "197--216",
  year        =  2012
}


@ARTICLE{Hu2013visant,
  title       = "{VisANT} 4.0: Integrative network platform to connect genes,
                 drugs, diseases and therapies",
  author      = "Hu, Zhenjun and Chang, Yi-Chien and Wang, Yan and Huang,
                 Chia-Ling and Liu, Yang and Tian, Feng and Granger, Brian and
                 Delisi, Charles",
  affiliation = "Center for Advanced Genomic Technology, Bioinformatics
                 Program, Boston University, Boston, MA 02215, USA.
                 zhenjun.hu@gmail.com",
  journal     = "Nucleic Acids Res.",
  volume      =  41,
  number      = "Web Server issue",
  pages       = "W225--31",
  month       =  jul,
  year        =  2013
}



@ARTICLE{Salazar2014pinv,
  title       = "A web-based protein interaction network visualizer",
  author      = "Salazar, Gustavo A and Meintjes, Ayton and Mazandu, Gaston K
                 and Rapano{\"{e}}l, Holifidy A and Akinola, Richard O and
                 Mulder, Nicola J",
  affiliation = "Computational Biology Group, IDM, Faculty of Health Sciences,
                 University of Cape Town, Anzio Road, Cape Town, South Africa.
                 gustavo@cbio.uct.ac.za.",
  journal     = "BMC Bioinformatics",
  publisher   = "biomedcentral.com",
  volume      =  15,
  pages       = "129",
  month       =  "6~" # may,
  year        =  2014
}



@misc{pcviz,
  title = {PCViz},
  howpublished = {\url{http://www.pathwaycommons.org/pcviz/}}
}

@ARTICLE{Breitkreutz2003osprey,
  title       = "Osprey: a network visualization system",
  author      = "Breitkreutz, Bobby-Joe and Stark, Chris and Tyers, Mike",
  affiliation = "Samuel Lunenfeld Research Institute, Mount Sinai Hospital,
                 University Avenue, Toronto, M5G 1X5, Canada.",
  journal     = "Genome Biol.",
  publisher   = "biomedcentral.com",
  volume      =  4,
  number      =  3,
  pages       = "R22",
  month       =  "27~" # feb,
  year        =  2003
}



@ARTICLE{Fjukstad2014kvik,
  title     = "Kvik: Interactive exploration of genomic data from the {NOWAC}
               postgenome biobank",
  author    = "Fjukstad, Bj\o{}rn",
  publisher = "UiT Norges arktiske universitet",
  year      =  2014
}

@ARTICLE{Suderman2007tools,
  title       = "Tools for visually exploring biological networks",
  author      = "Suderman, Matthew and Hallett, Michael",
  affiliation = "McGill Centre for Bioinformatics, 3775 University Street,
                 Montreal, QCH3A 2B4, Canada. msuder@mcb.mcgill.ca",
  journal     = "Bioinformatics",
  publisher   = "Oxford Univ Press",
  volume      =  23,
  number      =  20,
  pages       = "2651--2659",
  month       =  "15~" # oct,
  year        =  2007
}

@ARTICLE{Gehlenborg2010omics,
  title       = "Visualization of omics data for systems biology",
  author      = "Gehlenborg, Nils and O'Donoghue, Se\'{a}n I and Baliga, Nitin
                 S and Goesmann, Alexander and Hibbs, Matthew A and Kitano,
                 Hiroaki and Kohlbacher, Oliver and Neuweger, Heiko and
                 Schneider, Reinhard and Tenenbaum, Dan and Gavin, Anne-Claude",
  affiliation = "European Bioinformatics Institute, Cambridge, UK.",
  journal     = "Nat. Methods",
  volume      =  7,
  number      = "3 Suppl",
  pages       = "S56--68",
  month       =  mar,
  year        =  2010
}

@ARTICLE{Croft2014reactome,
  title       = "The Reactome pathway knowledgebase",
  author      = "Croft, David and Mundo, Antonio Fabregat and Haw, Robin and
                 Milacic, Marija and Weiser, Joel and Wu, Guanming and Caudy,
                 Michael and Garapati, Phani and Gillespie, Marc and Kamdar,
                 Maulik R and Jassal, Bijay and Jupe, Steven and Matthews, Lisa
                 and May, Bruce and Palatnik, Stanislav and Rothfels, Karen and
                 Shamovsky, Veronica and Song, Heeyeon and Williams, Mark and
                 Birney, Ewan and Hermjakob, Henning and Stein, Lincoln and
                 D'Eustachio, Peter",
  affiliation = "European Bioinformatics Institute (EMBL-EBI), European
                 Molecular Biology Laboratory, Wellcome Trust Genome Campus,
                 Hinxton, Cambridge CB10 1SD, UK, Ontario Institute for Cancer
                 Research, Toronto, ON M5G0A3, Canada, College of Pharmacy and
                 Health Sciences, St. John's University, Queens, NY 11439, USA,
                 NYU School of Medicine, New York, NY 10016, USA, Cold Spring
                 Harbor Laboratory, Cold Spring Harbor, NY 11724, USA and
                 Department of Molecular Genetics, University of Toronto,
                 Toronto, ON M5S 1A1, Canada.",
  journal     = "Nucleic Acids Res.",
  publisher   = "Oxford Univ Press",
  volume      =  42,
  number      = "Database issue",
  pages       = "D472--7",
  month       =  jan,
  year        =  2014
}

@ARTICLE{Wang2010pint,
  title       = "{PINT}: Pathways {INtegration} Tool",
  author      = "Wang, Y-T and Huang, Y-H and Chen, Y-C and Hsu, C-L and Yang,
                 U-C",
  affiliation = "Institute of Biochemistry and Molecular Biology, College of
                 Life Science, National Yang-Ming University, No. 155, Sec. 2,
                 Li-Nong St, Taipei City, Taiwan 11221, R.O.C.",
  journal     = "Nucleic Acids Res.",
  volume      =  38,
  number      = "Web Server issue",
  pages       = "W124--31",
  month       =  jul,
  year        =  2010
}

@inproceedings{felciano2013predictive,
  title={Predictive systems biology approach to broad-spectrum, host-directed drug target discovery in infectious diseases},
  author={Felciano, Ramon M and Bavari, Sina and Richards, Daniel R and Billaud, Jean-noel and Warren, Travis and Panchal, Rekha and Kr{\"a}mer, Andreas},
  booktitle={Pacific Symposium on Biocomputing},
  volume={18},
  pages={17--28},
  year={2013},
  organization={World Scientific}
}

@ARTICLE{Kramer2013ipa-causal,
  title     = "Causal Analysis Approaches in Ingenuity Pathway Analysis ({IPA})",
  author    = "Kr{\"{a}}mer, Andreas and Green, Jeff and Pollard, Jack and
               Tugendreich, Stuart",
  journal   = "Bioinformatics",
  publisher = "Oxford Univ Press",
  month     =  "13~" # dec,
  year      =  2013
}

@article{hanahan2011hallmarks,
  title={Hallmarks of cancer: the next generation},
  author={Hanahan, Douglas and Weinberg, Robert A},
  journal={cell},
  volume={144},
  number={5},
  pages={646--674},
  year={2011},
  publisher={Elsevier}
}

@article{cairns2011regulation,
  title={Regulation of cancer cell metabolism},
  author={Cairns, Rob A and Harris, Isaac S and Mak, Tak W},
  journal={Nature Reviews Cancer},
  volume={11},
  number={2},
  pages={85--95},
  year={2011},
  publisher={Nature Publishing Group}
}

@article{kitano2002systems,
  title={Systems biology: a brief overview},
  author={Kitano, Hiroaki},
  journal={Science},
  volume={295},
  number={5560},
  pages={1662--1664},
  year={2002},
  publisher={American Association for the Advancement of Science}
}

@article{luo2003targeting,
  title={Targeting the PI3K-Akt pathway in human cancer-Rationale and promise},
  author={Luo, Ji and Manning, Brendan D and Cantley, Lewis C},
  journal={Cancer cell},
  volume={4},
  number={4},
  pages={257--262},
  year={2003},
  publisher={Elsevier Science}
}

@article{reya2001stem,
  title={Stem cells, cancer, and cancer stem cells},
  author={Reya, Tannishtha and Morrison, Sean J and Clarke, Michael F and Weissman, Irving L},
  journal={nature},
  volume={414},
  number={6859},
  pages={105--111},
  year={2001},
  publisher={Nature Publishing Group}
}

@article{saraiya2005visualizing,
  title={Visualizing biological pathways: requirements analysis, systems evaluation and research agenda},
  author={Saraiya, Purvi and North, Chris and Duca, Karen},
  journal={Information Visualization},
  volume={4},
  number={3},
  pages={191--205},
  year={2005},
  publisher={SAGE Publications}
}


@ARTICLE{Raju2011netslim,
  title       = "{NetSlim}: high-confidence curated signaling maps",
  author      = "Raju, Rajesh and Nanjappa, Vishalakshi and Balakrishnan,
                 Lavanya and Radhakrishnan, Aneesha and Thomas, Joji Kurian and
                 Sharma, Jyoti and Tian, Maozhen and Palapetta, Shyam Mohan and
                 Subbannayya, Tejaswini and Sekhar, Nirujogi Raja and
                 Muthusamy, Babylakshmi and Goel, Renu and Subbannayya,
                 Yashwanth and Telikicherla, Deepthi and Bhattacharjee, Mitali
                 and Pinto, Sneha M and Syed, Nazia and Srikanth, Manda
                 Srinivas and Sathe, Gajanan J and Ahmad, Sartaj and Chavan,
                 Sandip N and Kumar, Ghantasala S Sameer and Marimuthu,
                 Arivusudar and Prasad, T S K and Harsha, H C and Rahiman, B
                 Abdul and Ohara, Osamu and Bader, Gary D and Sujatha Mohan, S
                 and Schiemann, William P and Pandey, Akhilesh",
  affiliation = "Institute of Bioinformatics, International Tech Park,
                 Bangalore, India.",
  journal     = "Database",
  volume      =  2011,
  pages       = "bar032",
  month       =  "29~" # sep,
  year        =  2011
}

@ARTICLE{Dogrusoz2006patikaweb,
  title       = "{PATIKAweb}: a Web interface for analyzing biological pathways
                 through advanced querying and visualization",
  author      = "Dogrusoz, U and Erson, E Z and Giral, E and Demir, E and
                 Babur, O and Cetintas, A and Colak, R",
  affiliation = "Bilkent Center for Bioinformatics (BCBI), Bilkent University,
                 Ankara 06800, Turkey. patikaweb@cs.bilkent.edu.tr",
  journal     = "Bioinformatics",
  publisher   = "Oxford Univ Press",
  volume      =  22,
  number      =  3,
  pages       = "374--375",
  month       =  "1~" # feb,
  year        =  2006
}

@ARTICLE{Nikitin2003pathway-studio,
  title     = "Pathway studio---the analysis and navigation of molecular
               networks",
  author    = "Nikitin, Alexander and Egorov, Sergei and Daraselia, Nikolai and
               Mazo, Ilya",
  journal   = "Bioinformatics",
  publisher = "Oxford Univ Press",
  volume    =  19,
  number    =  16,
  pages     = "2155--2157",
  month     =  "1~" # nov,
  year      =  2003
}

@ARTICLE{Babur2010chibe,
  title       = "{ChiBE}: interactive visualization and manipulation of
                 {BioPAX} pathway models",
  author      = "Babur, Ozgun and Dogrusoz, Ugur and Demir, Emek and Sander,
                 Chris",
  affiliation = "Center for Bioinformatics, Bilkent University, Ankara, Turkey.",
  journal     = "Bioinformatics",
  volume      =  26,
  number      =  3,
  pages       = "429--431",
  month       =  "1~" # feb,
  year        =  2010
}

@ARTICLE{Kohler2006ondex,
  title       = "Graph-based analysis and visualization of experimental results
                 with {ONDEX}",
  author      = "K{\"{o}}hler, Jacob and Baumbach, Jan and Taubert, Jan and
                 Specht, Michael and Skusa, Andre and R{\"{u}}egg, Alexander
                 and Rawlings, Chris and Verrier, Paul and Philippi, Stephan",
  affiliation = "Division of Biomathematics and Bioinformatics, Rothamsted
                 Research, AL5 2JQ Harpenden, UK. Jacob.Koehler@bbsrc.ac.uk",
  journal     = "Bioinformatics",
  publisher   = "Oxford Univ Press",
  volume      =  22,
  number      =  11,
  pages       = "1383--1390",
  month       =  "1~" # jun,
  year        =  2006
}



@ARTICLE{Baitaluk2006biological-networks,
  title       = "{BiologicalNetworks}: visualization and analysis tool for
                 systems biology",
  author      = "Baitaluk, Michael and Sedova, Mayya and Ray, Animesh and
                 Gupta, Amarnath",
  affiliation = "San Diego Supercomputer Center, University of California San
                 Diego, 9500 Gilman Drive, La Jolla, CA 92093, USA.
                 baitaluk@sdsc.edu",
  journal     = "Nucleic Acids Res.",
  publisher   = "Oxford Univ Press",
  volume      =  34,
  number      = "Web Server issue",
  pages       = "W466--71",
  month       =  "1~" # jul,
  year        =  2006
}

@ARTICLE{Kono2009pathway-projector,
  title       = "Pathway projector: web-based zoomable pathway browser using
                 {KEGG} atlas and Google Maps {API}",
  author      = "Kono, Nobuaki and Arakawa, Kazuharu and Ogawa, Ryu and Kido,
                 Nobuhiro and Oshita, Kazuki and Ikegami, Keita and Tamaki,
                 Satoshi and Tomita, Masaru",
  affiliation = "Institute for Advanced Biosciences, Keio University, Fujisawa,
                 Japan.",
  journal     = "PLoS One",
  publisher   = "dx.plos.org",
  volume      =  4,
  number      =  11,
  pages       = "e7710",
  month       =  "11~" # nov,
  year        =  2009
}


@ARTICLE{Xia2014network-analyst,
  title       = "{NetworkAnalyst--integrative} approaches for protein-protein
                 interaction network analysis and visual exploration",
  author      = "Xia, Jianguo and Benner, Maia J and Hancock, Robert E W",
  affiliation = "Department of Microbiology and Immunology, University of
                 British Columbia, Vancouver, Canada Centre for Microbial
                 Diseases and Immunity Research, University of British
                 Columbia, Vancouver, Canada. Department of Microbiology and
                 Immunology, University of British Columbia, Vancouver, Canada
                 Centre for Microbial Diseases and Immunity Research,
                 University of British Columbia, Vancouver, Canada. Department
                 of Microbiology and Immunology, University of British
                 Columbia, Vancouver, Canada Centre for Microbial Diseases and
                 Immunity Research, University of British Columbia, Vancouver,
                 Canada Wellcome Trust Sanger Institute, Hinxton, United
                 Kingdom bob@cmdr.ubc.ca.",
  journal     = "Nucleic Acids Res.",
  volume      =  42,
  number      = "Web Server issue",
  pages       = "W167--74",
  month       =  jul,
  year        =  2014
}

@ARTICLE{Junker2006vanted,
  title       = "{VANTED}: a system for advanced data analysis and
                 visualization in the context of biological networks",
  author      = "Junker, Bj{\"{o}}rn H and Klukas, Christian and Schreiber,
                 Falk",
  affiliation = "Department of Molecular Genetics, Leibniz Institute of Plant
                 Genetics and Crop Plant Research (IPK), Corrensstr, 3, 06466
                 Gatersleben, Germany. junker@ipk-gatersleben.de",
  journal     = "BMC Bioinformatics",
  volume      =  7,
  pages       = "109",
  month       =  "6~" # mar,
  year        =  2006
}



@ARTICLE{Tufte1991smallmultiples,
  title     = "{ENVISIONING} {INFORMATION}",
  author    = "Tufte, Edward R",
  journal   = "Optom. Vis. Sci.",
  publisher = "journals.lww.com",
  volume    =  68,
  number    =  4,
  pages     = "322",
  month     =  apr,
  year      =  1991
}



@ARTICLE{Barsky2008cerebral,
  title       = "Cerebral: visualizing multiple experimental conditions on a
                 graph with biological context",
  author      = "Barsky, Aaron and Munzner, Tamara and Gardy, Jennifer and
                 Kincaid, Robert",
  affiliation = "Department of Computer Science, University of British
                 Columbia. barskya@cs.ubc.ca",
  journal     = "IEEE Trans. Vis. Comput. Graph.",
  volume      =  14,
  number      =  6,
  pages       = "1253--1260",
  month       =  nov,
  year        =  2008
}




@ARTICLE{Shannon2003cytoscape,
  title       = "Cytoscape: a software environment for integrated models of
                 biomolecular interaction networks",
  author      = "Shannon, Paul and Markiel, Andrew and Ozier, Owen and Baliga,
                 Nitin S and Wang, Jonathan T and Ramage, Daniel and Amin, Nada
                 and Schwikowski, Benno and Ideker, Trey",
  affiliation = "Institute for Systems Biology, Seattle, Washington 98103, USA.",
  journal     = "Genome Res.",
  volume      =  13,
  number      =  11,
  pages       = "2498--2504",
  month       =  nov,
  year        =  2003
}

@ARTICLE{Smoot2011cytoscape,
  title       = "Cytoscape 2.8: new features for data integration and network
                 visualization",
  author      = "Smoot, Michael E and Ono, Keiichiro and Ruscheinski, Johannes
                 and Wang, Peng-Liang and Ideker, Trey",
  affiliation = "Department of Medicine, University of California, San Diego,
                 9500 Gilman Drive, La Jolla, CA 92093, USA. msmoot@ucsd.edu",
  journal     = "Bioinformatics",
  volume      =  27,
  number      =  3,
  pages       = "431--432",
  month       =  "1~" # feb,
  year        =  2011
}



@ARTICLE{Heer2007transitions,
  title       = "Animated transitions in statistical data graphics",
  author      = "Heer, Jeffrey and Robertson, George",
  affiliation = "Computer Science Division, University of California, Berkeley,
                 USA. jheer@cs.berkeley.edu",
  journal     = "IEEE Trans. Vis. Comput. Graph.",
  volume      =  13,
  number      =  6,
  pages       = "1240--1247",
  month       =  nov,
  year        =  2007
}



@article{kanehisa2000kegg,
  title={KEGG: kyoto encyclopedia of genes and genomes},
  author={Kanehisa, Minoru and Goto, Susumu},
  journal={Nucleic acids research},
  volume={28},
  number={1},
  pages={27--30},
  year={2000},
  publisher={Oxford Univ Press}
}

@ARTICLE{Lex2013entourage,
  title       = "Entourage: visualizing relationships between biological
                 pathways using contextual subsets",
  author      = "Lex, Alexander and Partl, Christian and Kalkofen, Denis and
                 Streit, Marc and Gratzl, Samuel and Wassermann, Anne Mai and
                 Schmalstieg, Dieter and Pfister, Hanspeter",
  affiliation = "Harvard University.",
  journal     = "IEEE Trans. Vis. Comput. Graph.",
  volume      =  19,
  number      =  12,
  pages       = "2536--2545",
  month       =  dec,
  year        =  2013
}


@INPROCEEDINGS{Lex2010caleydo,
  title     = "Caleydo: Design and evaluation of a visual analysis framework
               for gene expression data in its biological context",
  booktitle = "Pacific Visualization Symposium ({PacificVis)}, 2010 {IEEE}",
  author    = "Lex, A and Streit, M and Kruijff, E and Schmalstieg, D",
  publisher = "ieeexplore.ieee.org",
  pages     = "57--64",
  month     =  mar,
  year      =  2010,
  keywords  = "bioinformatics;data visualisation;database management
               systems;solid modelling;2.5D technique;Caleydo
               framework;biological context;gene expression data;hypotheses
               generation process;multiple-view approaches;online
               databases;pathways models;visual analysis framework;Biological
               processes;Biological system modeling;Data
               visualization;Databases;Diseases;Gene expression;Information
               analysis;Navigation;Performance
               analysis;Scattering;Bioinformatics;Gene Expression;Linking \&
               Brushing;Multiple Views;Pathways;Visual Analysis"
}


@INPROCEEDINGS{Partl2012enroute,
  title     = "enRoute: Dynamic path extraction from biological pathway maps
               for in-depth experimental data analysis",
  booktitle = "Biological Data Visualization ({BioVis)}, 2012 {IEEE} Symposium
               on",
  author    = "Partl, C and Lex, A and Streit, M and Kalkofen, D and Kashofer,
               K and Schmalstieg, D",
  pages     = "107--114",
  month     =  oct,
  year      =  2012,
  keywords  = "biology computing;data analysis;database management systems;KEGG
               database;biological pathway maps;biological processes;conceptual
               compatibility;dynamic path extraction;enRoute;in-depth
               experimental data analysis;Biological information
               theory;Context;Data mining;Data visualization;Educational
               institutions;Layout;Proteins;Pathway analysis;biological
               processes;cellular networks;copy number variation;expression
               data;path extraction"
}

