

@inproceedings{hadlak2015survey,
  title={A survey of multi-faceted graph visualization},
  author={Hadlak, Steffen and Schumann, Heidrun and Schulz, Hans-J{\"o}rg},
  booktitle={Eurographics Conference on Visualization (EuroVis)},
  pages={1--20},
  year={2015}
}

@article{saraiya2005insight,
  title={An insight-based methodology for evaluating bioinformatics visualizations},
  author={Saraiya, Purvi and North, Chris and Duca, Karen},
  journal={IEEE Transactions on Visualization and Computer Graphics},
  volume={11},
  number={4},
  pages={443--456},
  year={2005},
}


@inproceedings{vehlow2015state,
  title={The state of the art in visualizing group structures in graphs},
  author={Vehlow, Corinna and Beck, Fabian and Weiskopf, Daniel},
  booktitle={Eurographics Conference on Visualization (EuroVis) - STARs},
  pages={21--40},
  year={2015}
}

@article{Barba2013modules,
  title   = "Identifying reaction modules in metabolic pathways: bioinformatic
             deduction and experimental validation of a new putative route in
             purine catabolism",
  author  = "Barba, Matthieu and Dutoit, Raphael and Legrain, Christianne and
             Labedan, Bernard",
  journal = "BMC Syst. Biol.",
  volume  =  7,
  number  =  1,
  pages   = "99",
  year    =  2013
}


@article{riche2010untangling,
  title={Untangling euler diagrams},
  author={Riche, Nathalie Henry and Dwyer, Tim},
  journal={IEEE Transactions on Visualization and Computer Graphics},
  volume={16},
  number={6},
  pages={1090--1099},
  year={2010},
  publisher={Institute of Electrical and Electronics Engineers, Inc., 3 Park Avenue, 17 th Fl New York NY 10016-5997 USA}
}

@article{reactome,
  title={Reactome: a knowledgebase of biological pathways},
  author={Joshi-Tope, G and Gillespie, Marc and Vastrik, Imre and D'Eustachio, Peter and Schmidt, Esther and de Bono, Bernard and Jassal, Bijay and Gopinath, GR and Wu, GR and Matthews, Lisa and others},
  journal={Nucleic acids research},
  volume={33},
  number={suppl 1},
  pages={D428--D432},
  year={2005},
  publisher={Oxford Univ Press}
}

@article{kegg,   title={KEGG Pathway Database},   author={Qiu, Yu-Qing},   journal={Encyclopedia of Systems Biology},   pages={1068--1069},   year={2013},   publisher={Springer} }

@article{pathwaycommons,
  title={Pathway Commons, a web resource for biological pathway data},
  author={Cerami, Ethan G and Gross, Benjamin E and Demir, Emek and Rodchenkov, Igor and Babur, {\"O}zg{\"u}n and Anwar, Nadia and Schultz, Nikolaus and Bader, Gary D and Sander, Chris},
  journal={Nucleic acids research},
  volume={39},
  number={suppl 1},
  pages={D685--D690},
  year={2011},
  publisher={Oxford Univ Press}
}

@article{graphssurvey,
  title={Graph visualization and navigation in information visualization: A survey},
  author={Herman, Ivan and Melan{\c{c}}on, Guy and Marshall, M Scott},
  journal={Visualization and Computer Graphics, IEEE Transactions on},
  volume={6},
  number={1},
  pages={24--43},
  year={2000},
  publisher={IEEE}
}

@article{Shannon2003cytoscape,
  title={{Cytoscape: A} software environment for integrated models of biomolecular interaction networks},
  author={Shannon, Paul and Markiel, Andrew and Ozier, Owen and Baliga, Nitin S and Wang, Jonathan T and Ramage, Daniel and Amin, Nada and Schwikowski, Benno and Ideker, Trey},
  journal={Genome Research},
  volume={13},
  number={11},
  pages={2498--2504},
  year={2003}
  }

@article{linesets,
  title={Design study of linesets, a novel set visualization technique},
  author={Alper, Basak and Riche, Nathalie Henry and Ramos, Gonzalo and Czerwinski, Mary},
  journal={Visualization and Computer Graphics, IEEE Transactions on},
  volume={17},
  number={12},
  pages={2259--2267},
  year={2011},
  publisher={IEEE}
}

@article{Collins2009,
  title={Bubble sets: Revealing set relations with isocontours over existing visualizations},
  author={Collins, Christopher and Penn, Gerald and Carpendale, Sheelagh},
  journal={IEEE Transactions on Visualization and Computer Graphics},
  volume={15},
  number={6},
  pages={1009--1016},
  year={2009},
  publisher={IEEE}
}

@article{graphviz,
  title={Graphvizâ€”open source graph drawing tools},
  author={Ellson, John and Gansner, Emden and Koutsofios, Lefteris and North, Stephen C and Woodhull, Gordon},
  booktitle={Graph Drawing},
  pages={483--484},
  year={2002},
  organization={Springer}
}

@article{klukas2007dynamic,
  title={Dynamic exploration and editing of KEGG pathway diagrams},
  author={Klukas, Christian and Schreiber, Falk},
  journal={Bioinformatics},
  volume={23},
  number={3},
  pages={344--350},
  year={2007},
  publisher={Oxford Univ Press}
}

@article{xia2010metpa,
  title={MetPA: a web-based metabolomics tool for pathway analysis and visualization},
  author={Xia, Jianguo and Wishart, David S},
  journal={Bioinformatics},
  volume={26},
  number={18},
  pages={2342--2344},
  year={2010},
  publisher={Oxford Univ Press}
}

@article{hu2007towards,
  title={Towards zoomable multidimensional maps of the cell},
  author={Hu, Zhenjun and Mellor, Joe and Wu, Jie and Kanehisa, Minoru and Stuart, Joshua M and DeLisi, Charles},
  journal={Nature biotechnology},
  volume={25},
  number={5},
  pages={547--554},
  year={2007},
  publisher={Nature Publishing Group}
}

@article{bourqui2007metabolic,
  title={Metabolic network visualization eliminating node redundance and preserving metabolic pathways},
  author={Bourqui, Romain and Cottret, Ludovic and Lacroix, Vincent and Auber, David and Mary, Patrick and Sagot, Marie-France and Jourdan, Fabien},
  journal={BMC Systems Biology},
  volume={1},
  number={29},
  year={2007},
  }

@article{hu2004visant,
  title={{VisANT: A}n online visualization and analysis tool for biological interaction data},
  author={Hu, Zhenjun and Mellor, Joseph and Wu, Jie and DeLisi, Charles},
  journal={BMC Bioinformatics},
  volume={5},
  number={17},
  year={2004},
}

@article{hu2013visant,
  title={VisANT 4.0: integrative network platform to connect genes, drugs, diseases and therapies},
  author={Hu, Zhenjun and Chang, Yi-Chien and Wang, Yan and Huang, Chia-Ling and Liu, Yang and Tian, Feng and Granger, Brian and DeLisi, Charles},
  journal={Nucleic acids research},
  volume={41},
  number={W1},
  pages={W225--W231},
  year={2013},
  publisher={Oxford Univ Press}
}

@article{holford2005vitapad,
  title={{VitaPad: V}isualization tools for the analysis of pathway data},
  author={Holford, Matthew and Li, Naixin and Nadkarni, Prakash and Zhao, Hongyu},
  journal={Bioinformatics},
  volume={21},
  number={8},
  pages={1596--1602},
  year={2005},
  publisher={Oxford Univ Press}
}

@article{paley2006pathway,
  title={The pathway tools cellular overview diagram and omics viewer},
  author={Paley, Suzanne M and Karp, Peter D},
  journal={Nucleic Acids Research},
  volume={34},
  number={13},
  pages={3771--3778},
  year={2006},
  publisher={Oxford Univ Press}
}



@article{meulemans2013kelpfusion,
  title={KelpFusion: A hybrid set visualization technique},
  author={Meulemans, Wouter and Riche, Nathalie Henry and Speckmann, Bettina and Alper, Basak and Dwyer, Tim},
  journal={Visualization and Computer Graphics, IEEE Transactions on},
  volume={19},
  number={11},
  pages={1846--1858},
  year={2013},
  publisher={IEEE}
}

@article{lex2013entourage,
  title={{Entourage: V}isualizing relationships between biological pathways using contextual subsets},
  author={Lex, Alexander and Partl, Christian and Kalkofen, Denis and Streit, Marc and Gratzl, Samuel and Wassermann, Anne Mai and Schmalstieg, Dieter and Pfister, Hanspeter},
  journal={IEEE Transactions on Visualization and Computer Graphics},
  volume={19},
  number={12},
  pages={2536--2545},
  year={2013}}

@article{Longabaugh2012biofabric,
  title={Combing the hairball with BioFabric: a new approach for visualization of large networks},
  author={Longabaugh, William JR},
  journal={BMC bioinformatics},
  volume={13},
  number={275},
  year={2012}
}


@ARTICLE{Gehlenborg2010omics,
  title       = "Visualization of omics data for systems biology",
  author      = "Gehlenborg, Nils and O'Donoghue, Se\'{a}n I and Baliga, Nitin
                 S and Goesmann, Alexander and Hibbs, Matthew A and Kitano,
                 Hiroaki and Kohlbacher, Oliver and Neuweger, Heiko and
                 Schneider, Reinhard and Tenenbaum, Dan and Gavin, Anne-Claude",
  affiliation = "European Bioinformatics Institute, Cambridge, UK.",
  journal     = "Nature Methods",
  volume      =  7,
  number      = "3",
  pages       = "S56--68",
  month       =  mar,
  year        =  2010
}



@article{croft2014reactome,
  title={The {R}eactome pathway knowledgebase},
  author={Croft, David and Mundo, Antonio Fabregat and Haw, Robin and Milacic, Marija and Weiser, Joel and Wu, Guanming and Caudy, Michael and Garapati, Phani and Gillespie, Marc and Kamdar, Maulik R and others},
  journal={Nucleic Acids Research},
  volume={42},
  number={D1},
  pages={D472--D477},
  year={2014},
  }

@article{Demir2010biopax,
  title={The BioPAX community standard for pathway data sharing},
  author={Demir, Emek and Cary, Michael P and Paley, Suzanne and Fukuda, Ken and Lemer, Christian and Vastrik, Imre and Wu, Guanming and D'Eustachio, Peter and Schaefer, Carl and Luciano, Joanne},
  journal={Nature Biotechnology},
  volume={28},
  number={9},
  pages={935--942},
  year={2010}
}

@online{Rb-E2F1,
  author = {Walworth, Bosco, O'Donnell},
  title = {Rb-E2F1 Pathway},
  year = {2005},
  urldate = {2015-2-15}
}

@article{holten2006hierarchical,
  title={Hierarchical edge bundles: Visualization of adjacency relations in hierarchical data},
  author={Holten, Danny},
  journal={Visualization and Computer Graphics, IEEE Transactions on},
  volume={12},
  number={5},
  pages={741--748},
  year={2006},
  publisher={IEEE}
}

@inproceedings{sarkar1992graphical,
  title={Graphical fisheye views of graphs},
  author={Sarkar, Manojit and Brown, Marc H},
  booktitle={Proceedings of the SIGCHI conference on Human factors in computing systems},
  pages={83--91},
  year={1992},
  organization={ACM}
}


@inproceedings{lambert2012visualizing,
  title={Visualizing patterns in Node-link Diagrams},
  author={Lambert, Antoine and Queyroi, Fran{\c{c}}ois and Bourqui, Romain},
  booktitle={Information Visualisation (IV), 2012 16th International Conference on},
  pages={48--53},
  year={2012},
  organization={IEEE}
}

@inproceedings{itoh2009hybrid,
  title={A hybrid space-filling and force-directed layout method for visualizing multiple-category graphs},
  author={Itoh, Takayuki and Muelder, Chris and Ma, Kwan-Liu and Sese, Jun},
  booktitle={Visualization Symposium, 2009. PacificVis' 09. IEEE Pacific},
  pages={121--128},
  year={2009},
  organization={IEEE}
}

@article{stephenson2005introduction,
  title={Introduction to circle packing},
  author={Stephenson, Kenneth},
  journal={The Theory of Discrete Analytic Functions, Cambridge University Press, Cambridge},
  year={2005}
}

@article{kimelman1995reduction,
  title={Reduction of visual complexity in dynamic graphs},
  author={Kimelman, Doug and Leban, Bruce and Roth, Tova and Zernik, Dror},
  booktitle={Graph Drawing},
  pages={218--225},
  year={1995},
  organization={Springer}
}





@ARTICLE{Dinkla2012compressed,
  title    = "Compressed Adjacency Matrices: Untangling Gene Regulatory
              Networks",
  author   = "Dinkla, K and Westenberg, M A and van Wijk, J J",
  journal  = "IEEE Trans. Vis. Comput. Graph.",
  volume   =  18,
  number   =  12,
  pages    = "2457--2466",
  month    =  dec,
  year     =  2012,
  keywords = "biology computing;data visualisation;genetics;matrix
              algebra;network theory (graphs);compressed adjacency
              matrices;directed networks;gene regulatory
              networks;motifs;neatly-arranged visualization;network
              characteristics;node-link diagrams;rearrangement
              clustering;scale-free distribution;sparse network;standard
              adjacency matrix;standard visualization;structural
              characteristics;visualization domain;Bismuth;Computer aided
              manufacturing;Layout;Proteins;Sparse
              matrices;Standards;Visualization;Network;adjacency matrix;gene
              regulation;scale-free"
}





@ARTICLE{Elliott2008pathcase,
  title       = "{PathCase}: pathways database system",
  author      = "Elliott, Brendan and Kirac, Mustafa and Cakmak, Ali and Yavas,
                 Gokhan and Mayes, Stephen and Cheng, En and Wang, Yuan and
                 Gupta, Chirag and Ozsoyoglu, Gultekin and Meral Ozsoyoglu,
                 Zehra",
  affiliation = "Department of Electrical Engineering and Computer Science,
                 Case Western Reserve University, Cleveland, OH 44106, USA.",
  journal     = "Bioinformatics",
  publisher   = "Oxford Univ Press",
  volume      =  24,
  number      =  21,
  pages       = "2526--2533",
  month       =  "1~" # nov,
  year        =  2008
}



@ARTICLE{Funahashi2008cell-designer,
  title    = "{CellDesigner 3.5: A} Versatile Modeling Tool for Biochemical
              Networks",
  author   = "Funahashi, A and Matsuoka, Y and Jouraku, Akiya and Morohashi, M and Kikuchi, N and Kitano, H",
  journal  = "Proc. IEEE",
  volume   =  96,
  number   =  8,
  pages    = "1254--1265",
  month    =  aug,
  year     =  2008,
 }



@ARTICLE{Latendresse2012biocyc,
  title       = "Browsing metabolic and regulatory networks with {BioCyc}",
  author      = "Latendresse, Mario and Paley, Suzanne and Karp, Peter D",
  affiliation = "SRI International, Menlo Park, CA, USA. latendre@ai.sri.com",
  journal     = "Methods Mol. Biol.",
  publisher   = "Springer",
  volume      =  804,
  pages       = "197--216",
  year        =  2012
}


@ARTICLE{Hu2013visant,
  title       = "{VisANT} 4.0: Integrative network platform to connect genes,
                 drugs, diseases and therapies",
  author      = "Hu, Zhenjun and Chang, Yi-Chien and Wang, Yan and Huang,
                 Chia-Ling and Liu, Yang and Tian, Feng and Granger, Brian and
                 Delisi, Charles",
  affiliation = "Center for Advanced Genomic Technology, Bioinformatics
                 Program, Boston University, Boston, MA 02215, USA.
                 zhenjun.hu@gmail.com",
  journal     = "Nucleic Acids Res.",
  volume      =  41,
  number      = "Web Server issue",
  pages       = "W225--31",
  month       =  jul,
  year        =  2013
}



@ARTICLE{Salazar2014pinv,
  title       = "A web-based protein interaction network visualizer",
  author      = "Salazar, Gustavo A and Meintjes, Ayton and Mazandu, Gaston K
                 and Rapano{\"{e}}l, Holifidy A and Akinola, Richard O and
                 Mulder, Nicola J",
  affiliation = "Computational Biology Group, IDM, Faculty of Health Sciences,
                 University of Cape Town, Anzio Road, Cape Town, South Africa.
                 gustavo@cbio.uct.ac.za.",
  journal     = "BMC Bioinformatics",
  publisher   = "biomedcentral.com",
  volume      =  15,
  pages       = "129",
  month       =  "6~" # may,
  year        =  2014
}



@misc{pcviz,
  title = {PCViz},
  howpublished = {\url{http://www.pathwaycommons.org/pcviz/}}
}

@ARTICLE{Breitkreutz2003osprey,
  title       = "Osprey: a network visualization system",
  author      = "Breitkreutz, Bobby-Joe and Stark, Chris and Tyers, Mike",
  affiliation = "Samuel Lunenfeld Research Institute, Mount Sinai Hospital,
                 University Avenue, Toronto, M5G 1X5, Canada.",
  journal     = "Genome Biol.",
  publisher   = "biomedcentral.com",
  volume      =  4,
  number      =  3,
  pages       = "R22",
  month       =  "27~" # feb,
  year        =  2003
}



@ARTICLE{Fjukstad2014kvik,
  title     = "Kvik: Interactive exploration of genomic data from the {NOWAC}
               postgenome biobank",
  author    = "Fjukstad, Bj\o{}rn",
  publisher = "UiT Norges arktiske universitet",
  year      =  2014
}

@ARTICLE{Suderman2007tools,
  title       = "Tools for visually exploring biological networks",
  author      = "Suderman, Matthew and Hallett, Michael",
  journal     = "Bioinformatics",
  volume      =  23,
  number      =  20,
  pages       = "2651--2659",
  month       =  "15~" # oct,
  year        =  2007
}




@ARTICLE{Wang2010pint,
  title       = "{PINT}: Pathways {INtegration} Tool",
  author      = "Wang, Y-T and Huang, Y-H and Chen, Y-C and Hsu, C-L and Yang,
                 U-C",
  affiliation = "Institute of Biochemistry and Molecular Biology, College of
                 Life Science, National Yang-Ming University, No. 155, Sec. 2,
                 Li-Nong St, Taipei City, Taiwan 11221, R.O.C.",
  journal     = "Nucleic Acids Res.",
  volume      =  38,
  number      = "Web Server issue",
  pages       = "W124--31",
  month       =  jul,
  year        =  2010
}

@inproceedings{felciano2013predictive,
  title={Predictive systems biology approach to broad-spectrum, host-directed drug target discovery in infectious diseases},
  author={Felciano, Ramon M and Bavari, Sina and Richards, Daniel R and Billaud, Jean-noel and Warren, Travis and Panchal, Rekha and Kr{\"a}mer, Andreas},
  booktitle={Proceedings of the Pacific Symposium on Biocomputing},
  volume={18},
  pages={17--28},
  year={2013}
  }

@ARTICLE{Kramer2013ipa-causal,
  author = {KrÃ¤mer, Andreas and Green, Jeff and Pollard, Jack and Tugendreich, Stuart},
title = {Causal analysis approaches in Ingenuity Pathway Analysis},
  journal   = "Bioinformatics",
  volume = {30},
number = {4},
pages = {523-530},
year = {2014}
}

@article{hanahan2011hallmarks,
  title={Hallmarks of cancer: {T}he next generation},
  author={Hanahan, Douglas and Weinberg, Robert A},
  journal={Cell},
  volume={144},
  number={5},
  pages={646--674},
  year={2011},
}

@article{cairns2011regulation,
  title={Regulation of cancer cell metabolism},
  author={Cairns, Rob A and Harris, Isaac S and Mak, Tak W},
  journal={Nature Reviews Cancer},
  volume={11},
  number={2},
  pages={85--95},
  year={2011},
  publisher={Nature Publishing Group}
}

@article{kitano2002systems,
  title={Systems biology: {A} brief overview},
  author={Kitano, Hiroaki},
  journal={Science},
  volume={295},
  number={5560},
  pages={1662--1664},
  year={2002},
  }

@article{luo2003targeting,
  title={Targeting the {PI3K-Akt} pathway in human cancer: {R}ationale and promise},
  author={Luo, Ji and Manning, Brendan D and Cantley, Lewis C},
  journal={Cancer Cell},
  volume={4},
  number={4},
  pages={257--262},
  year={2003},
  }

@article{reya2001stem,
  title={Stem cells, cancer, and cancer stem cells},
  author={Reya, Tannishtha and Morrison, Sean J and Clarke, Michael F and Weissman, Irving L},
  journal={Nature},
  volume={414},
  number={6859},
  pages={105--111},
  year={2001},

}

@article{saraiya2005visualizing,
  title={Visualizing biological pathways: requirements analysis, systems evaluation and research agenda},
  author={Saraiya, Purvi and North, Chris and Duca, Karen},
  journal={Information Visualization},
  volume={4},
  number={3},
  pages={191--205},
  year={2005},
  publisher={SAGE Publications}
}


@ARTICLE{Raju2011netslim,
  title       = "{NetSlim}: high-confidence curated signaling maps",
  author      = "Raju, Rajesh and Nanjappa, Vishalakshi and Balakrishnan,
                 Lavanya and Radhakrishnan, Aneesha and Thomas, Joji Kurian and
                 Sharma, Jyoti and Tian, Maozhen and Palapetta, Shyam Mohan and
                 Subbannayya, Tejaswini and Sekhar, Nirujogi Raja and
                 Muthusamy, Babylakshmi and Goel, Renu and Subbannayya,
                 Yashwanth and Telikicherla, Deepthi and Bhattacharjee, Mitali
                 and Pinto, Sneha M and Syed, Nazia and Srikanth, Manda
                 Srinivas and Sathe, Gajanan J and Ahmad, Sartaj and Chavan,
                 Sandip N and Kumar, Ghantasala S Sameer and Marimuthu,
                 Arivusudar and Prasad, T S K and Harsha, H C and Rahiman, B
                 Abdul and Ohara, Osamu and Bader, Gary D and Sujatha Mohan, S
                 and Schiemann, William P and Pandey, Akhilesh",
  affiliation = "Institute of Bioinformatics, International Tech Park,
                 Bangalore, India.",
  journal     = "Database",
  volume      =  2011,
  pages       = "bar032",
  month       =  "29~" # sep,
  year        =  2011
}

@ARTICLE{Dogrusoz2006patikaweb,
  title       = "{PATIKAweb}: a Web interface for analyzing biological pathways
                 through advanced querying and visualization",
  author      = "Dogrusoz, U and Erson, E Z and Giral, E and Demir, E and
                 Babur, O and Cetintas, A and Colak, R",
  affiliation = "Bilkent Center for Bioinformatics (BCBI), Bilkent University,
                 Ankara 06800, Turkey. patikaweb@cs.bilkent.edu.tr",
  journal     = "Bioinformatics",
  publisher   = "Oxford Univ Press",
  volume      =  22,
  number      =  3,
  pages       = "374--375",
  month       =  "1~" # feb,
  year        =  2006
}

@ARTICLE{Nikitin2003pathway-studio,
  title     = "Pathway studio---the analysis and navigation of molecular
               networks",
  author    = "Nikitin, Alexander and Egorov, Sergei and Daraselia, Nikolai and
               Mazo, Ilya",
  journal   = "Bioinformatics",
  publisher = "Oxford Univ Press",
  volume    =  19,
  number    =  16,
  pages     = "2155--2157",
  month     =  "1~" # nov,
  year      =  2003
}

@ARTICLE{Babur2010chibe,
  title       = "{ChiBE}: Interactive visualization and manipulation of
                 {BioPAX} pathway models",
  author      = "Babur, Ozgun and Dogrusoz, Ugur and Demir, Emek and Sander,
                 Chris",
  affiliation = "Center for Bioinformatics, Bilkent University, Ankara, Turkey.",
  journal     = "Bioinformatics",
  volume      =  26,
  number      =  3,
  pages       = "429--431",
  month       =  "1~" # feb,
  year        =  2010
}

@ARTICLE{Kohler2006ondex,
  title       = "Graph-based analysis and visualization of experimental results
                 with {ONDEX}",
  author      = "K{\"{o}}hler, Jacob and Baumbach, Jan and Taubert, Jan and
                 Specht, Michael and Skusa, Andre and R{\"{u}}egg, Alexander
                 and Rawlings, Chris and Verrier, Paul and Philippi, Stephan",
  affiliation = "Division of Biomathematics and Bioinformatics, Rothamsted
                 Research, AL5 2JQ Harpenden, UK. Jacob.Koehler@bbsrc.ac.uk",
  journal     = "Bioinformatics",
  publisher   = "Oxford Univ Press",
  volume      =  22,
  number      =  11,
  pages       = "1383--1390",
  month       =  "1~" # jun,
  year        =  2006
}



@ARTICLE{Baitaluk2006biological-networks,
  title       = "{BiologicalNetworks}: visualization and analysis tool for
                 systems biology",
  author      = "Baitaluk, Michael and Sedova, Mayya and Ray, Animesh and
                 Gupta, Amarnath",
  affiliation = "San Diego Supercomputer Center, University of California San
                 Diego, 9500 Gilman Drive, La Jolla, CA 92093, USA.
                 baitaluk@sdsc.edu",
  journal     = "Nucleic Acids Res.",
  publisher   = "Oxford Univ Press",
  volume      =  34,
  number      = "Web Server issue",
  pages       = "W466--71",
  month       =  "1~" # jul,
  year        =  2006
}

@ARTICLE{Kono2009pathway-projector,
  title       = "Pathway projector: web-based zoomable pathway browser using
                 {KEGG} atlas and Google Maps {API}",
  author      = "Kono, Nobuaki and Arakawa, Kazuharu and Ogawa, Ryu and Kido,
                 Nobuhiro and Oshita, Kazuki and Ikegami, Keita and Tamaki,
                 Satoshi and Tomita, Masaru",
  affiliation = "Institute for Advanced Biosciences, Keio University, Fujisawa,
                 Japan.",
  journal     = "PLoS One",
  publisher   = "dx.plos.org",
  volume      =  4,
  number      =  11,
  pages       = "e7710",
  month       =  "11~" # nov,
  year        =  2009
}


@ARTICLE{Xia2014network-analyst,
  title       = "{NetworkAnalyst--integrative} approaches for protein-protein
                 interaction network analysis and visual exploration",
  author      = "Xia, Jianguo and Benner, Maia J and Hancock, Robert E W",
  affiliation = "Department of Microbiology and Immunology, University of
                 British Columbia, Vancouver, Canada Centre for Microbial
                 Diseases and Immunity Research, University of British
                 Columbia, Vancouver, Canada. Department of Microbiology and
                 Immunology, University of British Columbia, Vancouver, Canada
                 Centre for Microbial Diseases and Immunity Research,
                 University of British Columbia, Vancouver, Canada. Department
                 of Microbiology and Immunology, University of British
                 Columbia, Vancouver, Canada Centre for Microbial Diseases and
                 Immunity Research, University of British Columbia, Vancouver,
                 Canada Wellcome Trust Sanger Institute, Hinxton, United
                 Kingdom bob@cmdr.ubc.ca.",
  journal     = "Nucleic Acids Res.",
  volume      =  42,
  number      = "Web Server issue",
  pages       = "W167--74",
  month       =  jul,
  year        =  2014
}

@ARTICLE{Junker2006vanted,
  title       = "{VANTED}: a system for advanced data analysis and
                 visualization in the context of biological networks",
  author      = "Junker, Bj{\"{o}}rn H and Klukas, Christian and Schreiber,
                 Falk",
  affiliation = "Department of Molecular Genetics, Leibniz Institute of Plant
                 Genetics and Crop Plant Research (IPK), Corrensstr, 3, 06466
                 Gatersleben, Germany. junker@ipk-gatersleben.de",
  journal     = "BMC Bioinformatics",
  volume      =  7,
  pages       = "109",
  month       =  "6~" # mar,
  year        =  2006
}



@ARTICLE{Tufte1991smallmultiples,
  title     = "{ENVISIONING} {INFORMATION}",
  author    = "Tufte, Edward R",
  journal   = "Optom. Vis. Sci.",
  publisher = "journals.lww.com",
  volume    =  68,
  number    =  4,
  pages     = "322",
  month     =  apr,
  year      =  1991
}



@ARTICLE{Barsky2008cerebral,
  title       = "Cerebral: Visualizing multiple experimental conditions on a
                 graph with biological context",
  author      = "Barsky, Aaron and Munzner, Tamara and Gardy, Jennifer and
                 Kincaid, Robert",
  affiliation = "Department of Computer Science, University of British
                 Columbia. barskya@cs.ubc.ca",
  journal     = "IEEE Transactions on Visualization and Computer Graphics",
  volume      =  14,
  number      =  6,
  pages       = "1253--1260",
  month       =  nov,
  year        =  2008
}



@ARTICLE{Smoot2011cytoscape,
  title       = "Cytoscape 2.8: new features for data integration and network
                 visualization",
  author      = "Smoot, Michael E and Ono, Keiichiro and Ruscheinski, Johannes
                 and Wang, Peng-Liang and Ideker, Trey",
  affiliation = "Department of Medicine, University of California, San Diego,
                 9500 Gilman Drive, La Jolla, CA 92093, USA. msmoot@ucsd.edu",
  journal     = "Bioinformatics",
  volume      =  27,
  number      =  3,
  pages       = "431--432",
  month       =  "1~" # feb,
  year        =  2011
}



@ARTICLE{Heer2007transitions,
  title       = "Animated transitions in statistical data graphics",
  author      = "Heer, Jeffrey and Robertson, George",
  affiliation = "Computer Science Division, University of California, Berkeley,
                 USA. jheer@cs.berkeley.edu",
  journal     = "IEEE Trans. Vis. Comput. Graph.",
  volume      =  13,
  number      =  6,
  pages       = "1240--1247",
  month       =  nov,
  year        =  2007
}


@article{kanehisa2000kegg,
  title={{KEGG: Kyoto} encyclopedia of genes and genomes},
  author={Kanehisa, Minoru and Goto, Susumu},
  journal={Nucleic acids research},
  volume={28},
  number={1},
  pages={27--30},
  year={2000}
  }


@INPROCEEDINGS{Lex2010caleydo,
  title     = "Caleydo: Design and evaluation of a visual analysis framework
               for gene expression data in its biological context",
  booktitle = "Pacific Visualization Symposium ({PacificVis)}, 2010 {IEEE}",
  author    = "Lex, A and Streit, M and Kruijff, E and Schmalstieg, D",
  publisher = "ieeexplore.ieee.org",
  pages     = "57--64",
  month     =  mar,
  year      =  2010,
  keywords  = "bioinformatics;data visualisation;database management
               systems;solid modelling;2.5D technique;Caleydo
               framework;biological context;gene expression data;hypotheses
               generation process;multiple-view approaches;online
               databases;pathways models;visual analysis framework;Biological
               processes;Biological system modeling;Data
               visualization;Databases;Diseases;Gene expression;Information
               analysis;Navigation;Performance
               analysis;Scattering;Bioinformatics;Gene Expression;Linking \&
               Brushing;Multiple Views;Pathways;Visual Analysis"
}


@article{partl2012enroute,
  title={enRoute: Dynamic path extraction from biological pathway maps for exploring heterogeneous experimental datasets},
  author={Partl, Christian and Lex, Alexander and Streit, Marc and Kalkofen, Denis and Kashofer, Karl and Schmalstieg, Dieter},
  journal={BMC Bioinformatics},
  volume={14},
  number={19},
  pages={1--16},
  year={2013}
  }

@inproceedings{Shneiderman1996,
  title={{The eyes have it: A} task by data type taxonomy for information visualizations},
  author={Shneiderman, Ben},
  booktitle={Proceedings of the IEEE Symposium on Visual Languages},
  pages={336--343},
  year={1996}
}

@inproceedings{Lee2006,
 author = {Lee, Bongshin and Plaisant, Catherine and Parr, Cynthia Sims and Fekete, Jean-Daniel and Henry, Nathalie},
 title = {Task Taxonomy for Graph Visualization},
 booktitle = {Proceedings of the AVI Workshop on BEyond Time and Errors: Novel Evaluation Methods for Information Visualization},
 series = {BELIV '06},
 year = {2006},
 }

@ARTICLE{6634168,
author={Brehmer, M. and Munzner, T.},
journal={Visualization and Computer Graphics, IEEE Transactions on},
title={A Multi-Level Typology of Abstract Visualization Tasks},
year={2013},
volume={19},
number={12},
pages={2376-2385},
keywords={data visualisation;pattern classification;abstract visualization tasks;cartography;communications;domain-specific problems;extant classification systems;human-computer interaction;information retrieval;multilevel typology;visualization systems;visualization usage qualitative evaluation;Encoding;Modeling;Qualitative evaluations;Topology;Encoding;Modeling;Qualitative evaluations;Topology;Typology;qualitative evaluation;task and requirements analysis;visualization models;Algorithms;Artificial Intelligence;Computer Simulation;Humans;Models, Theoretical;Reproducibility of Results;Sensitivity and Specificity;Task Performance and Analysis;User-Computer Interface;Visual Perception},
ISSN={1077-2626},
month={Dec},}

@inproceedings{Ren:2013:MIM:2493102.2493104,
 author = {Ren, Lei and Cui, Jin and Du, Yi and Dai, Guozhong},
 title = {Multilevel Interaction Model for Hierarchical Tasks in Information Visualization},
 booktitle = {Proceedings of the 6th International Symposium on Visual Information Communication and Interaction},
 series = {VINCI '13},
 year = {2013},
 isbn = {978-1-4503-1988-1},
 location = {Tianjin, China},
 pages = {11--16},
 numpages = {6},
 acmid = {2493104},
 publisher = {ACM},
 address = {New York, NY, USA},
 keywords = {human-computer interaction, information visualization, interaction model, task taxonomy, visual analytics},
}

@article{Archambault06042015,
author = {Archambault, Daniel and Purchase, Helen C},
title = {On the effective visualisation of dynamic attribute cascades},
year = {2015},
journal = {Information Visualization}
}

@ARTICLE{Ahn2014,
author={Jae-wook Ahn and Plaisant, C. and Shneiderman, B.},
journal={IEEE Transactions on Visualization and Computer Graphics},
title={A Task Taxonomy for Network Evolution Analysis},
year={2014},
volume={20},
number={3},
pages={365-376},
month={March}
}

@Article{Novere2009,
  Title                    = {{The Systems Biology Graphical Notation}},
  Author                   = {Novere, Nicolas Le and Hucka, Michael and Mi, Huaiyu and Moodie, Stuart and Schreiber, Falk and Sorokin, Anatoly and Demir, Emek and Wegner, Katja and Aladjem, Mirit I and Wimalaratne, Sarala M and Bergman, Frank T and Gauges, Ralph and Ghazal, Peter and Kawaji, Hideya and Li, Lu and Matsuoka, Yukiko and Villeger, Alice and Boyd, Sarah E and Calzone, Laurence and Courtot, Melanie and Dogrusoz, Ugur and Freeman, Tom C and Funahashi, Akira and Ghosh, Samik and Jouraku, Akiya and Kim, Sohyoung and Kolpakov, Fedor and Luna, Augustin and Sahle, Sven and Schmidt, Esther and Watterson, Steven and Wu, Guanming and Goryanin, Igor and Kell, Douglas B and Sander, Chris and Sauro, Herbert and Snoep, Jacky L and Kohn, Kurt and Kitano, Hiroaki},
  Journal                  = {Nature Biotechnology},
  Year                     = {2009},

  Month                    = aug,
  Number                   = {8},
  Pages                    = {735--741},
  Volume                   = {27},

  Comment                  = {10.1038/nbt.1558},
  ISSN                     = {1087-0156},
  Publisher                = {Nature Publishing Group},
  Timestamp                = {2015.12.04},
}
@article{Hucka2003,
author = {Hucka, M. and Finney, A. and Sauro, H. M. and Bolouri, H. and Doyle, J. C. and Kitano, H.},
title = {{The Systems Biology Markup Language} ({SBML}): {A} medium for representation and exchange of biochemical network models},
volume = {19},
number = {4},
pages = {524-531},
year = {2003},
journal = {Bioinformatics}
}

@inproceedings{Amar2005,
  title={Low-level components of analytic activity in information visualization},
  author={Amar, Robert and Eagan, James and Stasko, John},
  booktitle={Proceedings of the IEEE Symposium on Information Visualization},
  pages={111--117},
  year={2005}
}

@incollection{Pretorius2014,
  title={Tasks for multivariate network analysis},
  author={Pretorius, A Johannes and Purchase, Helen C and Stasko, John T},
  booktitle={Multivariate Network Visualization},
  pages={77--95},
  year={2014},
  publisher={Springer},
	address = {Heidelberg, Germany}
}

@INPROCEEDINGS{Wehrend1990,
author={Wehrend, S. and Lewis, C.},
booktitle={Proceedings of the First IEEE Conference on Visualization},
title={A problem-oriented classification of visualization techniques},
year={1990},
pages={139-143},
}

@inproceedings{Valiati2006,
 author = {Valiati, Eliane R. A. and Pimenta, Marcelo S. and Freitas, Carla M. D. S.},
 title = {A Taxonomy of Tasks for Guiding the Evaluation of Multidimensional Visualizations},
 booktitle = {Proceedings of the AVI Workshop on BEyond Time and Errors: Novel Evaluation Methods for Information Visualization},
 series = {BELIV '06},
 year = {2006},
 location = {Venice, Italy},
 numpages = {6}
}

@article{pavlopoulos2008survey,
  title={A survey of visualization tools for biological network analysis},
  author={Pavlopoulos, Georgios A and Wegener, Anna-Lynn and Schneider, Reinhard},
  journal={BioData Mining},
  volume={1},
  number={12},
  year={2008}
}

@inproceedings{Henry2007,
  title={{MatLink: E}nhanced matrix visualization for analyzing social networks},
  author={Henry, Nathalie and Fekete, Jean-Daniel},
  booktitle={Proceedings of the IFIP Conference on Human-Computer Interaction},
  pages={288--302},
  year={2007}
  }

@InProceedings{Ghoniem2004,
  Title                    = {A Comparison of the Readability of Graphs Using Node-Link and Matrix-Based Representations},
  Author                   = {Ghoniem, M. and Fekete, J.-D. and Castagliola, P.},
  Booktitle                = {Proceedings of the IEEE Symposium on Information Visualization},
  Year                     = {2004},
    Pages                    = {17--24},
 }

@Article{NodeTrix2007,
  Title                    = {{NodeTrix: A} Hybrid Visualization of Social Networks},
  Author                   = {Henry, N. and Fekete, J.-D. and McGuffin, M.J.},
  Journal                  = {IEEE Transactions on Visualization and Computer Graphics},
  Year                     = {2007},

  Month                    = {Nov},
  Number                   = {6},
  Pages                    = {1302-1309},
  Volume                   = {13},
  ISSN                     = {1077-2626},
 }

@article{SBGNViz2015,
  title={{SBGNViz: A} tool for visualization and complexity management of {SBGN} process description maps},
  author={Sari, Mecit and Bahceci, Istemi and Dogrusoz, Ugur and Sumer, Selcuk Onur and Aksoy, B{\"u}lent Arman and Babur, {\"O}zg{\"u}n and Demir, Emek},
  journal={PloS one},
  volume={10},
  number={6},
  \\pages={{e0128985}},
  year={2015},
  publisher={Public Library of Science}
}

@article{STRING2005,
  title={{STRING: K}nown and predicted protein--protein associations, integrated and transferred across organisms},
  author={Von Mering, Christian and Jensen, Lars J and Snel, Berend and Hooper, Sean D and Krupp, Markus and Foglierini, Mathilde and Jouffre, Nelly and Huynen, Martijn A and Bork, Peer},
  journal={Nucleic Acids Research},
  volume={33},
  number={suppl 1},
  pages={D433--D437},
  year={2005}
}

@article{Kerren2014,
  title={Multivariate Network Visualization},
  author={Kerren, Andreas and Purchase, Helen C and Ward, Matthew O},
  journal={Lecture Notes in Computer Science},
  volume={8380},
  year={2014},
  publisher={Springer}
}


@article{Vehlow2015,
author = {Vehlow, Corinna and Kao, David P and Bristow, Michael R and Hunter, Lawrence E and Weiskopf, Daniel and GÃ¶rg, Carsten},
	title = {Visual analysis of biological data-knowledge networks},
	volume = {16},
	number = {135},
	pages = {1--15},
	journal = {BMC Bioinformatics},
	year = {2015}
	}

@article{Shadoan2013,
	title = {Visual analysis of higher-order conjunctive relationships in multidimensional data using a hypergraph query system},
	volume = {19},
	issn = {1077-2626},
	number = {12},
	urldate = {2016-02-24},
	journal = {IEEE Transactions on Visualization and Computer Graphics},
	author = {Shadoan, Rachel and Weaver, Chris},
	month = dec,
	year = {2013},
	pages = {2070--2079}
}

@inproceedings{Holten2009,
  title={A user study on visualizing directed edges in graphs},
  author={Holten, Danny and van Wijk, Jarke J},
  booktitle={Proceedings of the ACM SIGCHI Conference on Human Factors in Computing Systems},
  pages={2299--2308},
  year={2009}
}

@Article{Jianu2014,
  Title                    = {How to Display Group Information on Node-Link Diagrams: An Evaluation},
  Author                   = {Jianu, R. and Rusu, A. and Yifan Hu and Taggart, D.},
  Journal                  = {IEEE Transactions on Visualization and Computer Graphics},
  Year                     = {2014},

  Month                    = {Nov},
  Number                   = {11},
  Pages                    = {1530-1541},
  Volume                   = {20},
  }


@Article{Gleicher2011,
  Title                    = {Visual comparison for information visualization},
  Author                   = {Gleicher, Michael and Albers, Danielle and Walker, Rick and Jusufi, Ilir and Hansen, Charles D. and Roberts, Jonathan C.},
  Journal                  = {Information Visualization},
  Year                     = {2011},
  Number                   = {4},
  Pages                    = {289-309},
  Volume                   = {10},

  Abstract                 = {Data analysis often involves the comparison of complex objects. With the ever increasing amounts and complexity of data, the demand for systems to help with these comparisons is also growing. Increasingly, information visualization tools support such comparisons explicitly, beyond simply allowing a viewer to examine each object individually. In this paper, we argue that the design of information visualizations of complex objects can, and should, be studied in general, that is independently of what those objects are. As a first step in developing this general understanding of comparison, we propose a general taxonomy of visual designs for comparison that groups designs into three basic categories, which can be combined. To clarify the taxonomy and validate its completeness, we provide a survey of work in information visualization related to comparison. Although we find a great diversity of systems and approaches, we see that all designs are assembled from the building blocks of juxtaposition, superposition and explicit encodings. This initial exploration shows the power of our model, and suggests future challenges in developing a general understanding of comparative visualization and facilitating the development of more comparative visualization tools.},
  Owner                    = {McGee},
  Timestamp                = {2015.02.18},
}


@Article{Rufiange2013,
  Title                    = {DiffAni: Visualizing Dynamic Graphs with a Hybrid of Difference Maps and Animation},
  Author                   = {Rufiange, S. and McGuffin, M.J.},
  Journal                  = {IEEE Transactions on Visualization and Computer Graphics},
  Year                     = {2013},

  Month                    = {Dec},
  Number                   = {12},
  Pages                    = {2556-2565},
  Volume                   = {19},

  ISSN                     = {1077-2626},
  Keywords                 = {computer animation;data visualisation;graph theory;DiffAni;animation;diff tiles;difference maps;dynamic graph;hybrid visualization;Animation;Computer graphics;Prototypes;Dynamic networks;animation;difference map;evolution;hybrid visualization;taxonomy},
  Owner                    = {McGee},
  Timestamp                = {2015.02.18}
}

@Article{Holten2006,
  Title                    = {Hierarchical Edge Bundles: Visualization of Adjacency Relations in Hierarchical Data},
  Author                   = {Holten, D.},
  Journal                  = {Visualization and Computer Graphics, IEEE Transactions on},
  Year                     = {2006},

  Month                    = {sept.-oct. },
  Number                   = {5},
  Pages                    = {741 -748},
  Volume                   = {12},

  ISSN                     = {1077-2626},
  Keywords                 = {B-spline curve;adjacency relation visualization;compound graph;hierarchical data;hierarchical edge bundles;tree visualization method;visual clutter;curve fitting;data visualisation;splines (mathematics);tree data structures;trees (mathematics);},
  Owner                    = {McGee},
  Timestamp                = {2015.02.18}
}


@article{Archambault2016,
author = {Archambault, Daniel and Purchase, Helen C.},
title = {On the effective visualisation of dynamic attribute cascades},
volume = {15},
number = {1},
pages = {51-63},
year = {2016},
journal = {Information Visualization}
}


@article{pretorius2008,
  title={Visual inspection of multivariate graphs},
  author={Pretorius, A Johannes and van Wijk, Jarke J},
  journal={Computer Graphics Forum},
  volume={27},
  number={3},
  pages={967--974},
  year={2008}
}

@ARTICLE{vandenElzen2014,
author={S. van den Elzen and J. J. van Wijk},
journal={IEEE Transactions on Visualization and Computer Graphics},
title={Multivariate Network Exploration and Presentation: From Detail to Overview via Selections and Aggregations},
year={2014},
volume={20},
number={12},
pages={2310-2319},
keywords={graphical user interfaces;network theory (graphs);topology;DOSA framework;Detail-to-Overview-via-Selections-and-Aggregations;e-mail traffic;high-level infographic-style overviews;large-multivariate networks;multivariate data analysis;multivariate network analysis;multivariate network exploration;multivariate network presentation;network links;network nodes;network topology;real-world datasets;structural analysis;topological network structure;ubiquitous network data;Clutter;Context awareness;Data visualization;Image color analysis;Network topology;Direct manipulation;Interaction;Multivariate networks;Selections of interest},
ISSN={1077-2626},
month={Dec},}

@Article{Ghani2013,
  Title                    = {Visual Analytics for Multimodal Social Network Analysis: A Design Study with Social Scientists},
  Author                   = {Ghani, S. and Bum Chul Kwon and Seungyoon Lee and Ji Soo Yi and Elmqvist, N.},
  Journal                  = {IEEE Transactions on Visualization and Computer Graphics},
  Year                     = {2013},
  Number                   = {12},
  Pages                    = {2032-2041},
  Volume                   = {19}
}


@incollection{kohlbacher2014multivariate,
  title={Multivariate Networks in the Life Sciences},
  author={Kohlbacher, Oliver and Schreiber, Falk and Ward, Matthew O},
  booktitle={Multivariate Network Visualization},
  pages={61--73},
  year={2014},
  publisher={Springer},
	address = {Heidelberg, Germany}
}

@article{skeels2010uncertainty,
author = {Skeels, Meredith and Lee, Bongshin and Smith, Greg and Robertson, George G.},
title = {Revealing Uncertainty for Information Visualization},
volume = {9},
number = {1},
pages = {70-81},
year = {2010},
abstract ={Uncertainty in data occurs in domains ranging from natural science to medicine to computer science. By developing ways to include uncertainty in our information visualizations, we can provide more accurate depictions of critical data sets so that people can make more informed decisions. One hindrance to visualizing uncertainty is that we must first understand what uncertainty is and how it is expressed. We reviewed existing work from several domains on uncertainty and created a classification of uncertainty based on the literature. We empirically evaluated and improved upon our classification by conducting interviews with 18 people from several domains, who self-identified as working with uncertainty. Participants described what uncertainty looks like in their data and how they deal with it. We found commonalities in uncertainty across domains and believe our refined classification will help us in developing appropriate visualizations for each category of uncertainty.},
journal = {Information Visualization}
}

@article{wang2016ambiguityvis,
  title={{AmbiguityVis: V}isualization of Ambiguity in Graph Layouts},
  author={Wang, Yong and Shen, Qiaomu and Archambault, Daniel and Zhou, Zhiguang and Zhu, Min and Yang, Sixiao and Qu, Huamin},
  journal={IEEE Transactions on Visualization and Computer Graphics},
  volume={22},
  number={1},
  pages={359--368},
  year={2016}
}

@ARTICLE{wu2012uncertainty,
author={Y. Wu and G. X. Yuan and K. L. Ma},
journal={IEEE Transactions on Visualization and Computer Graphics},
title={Visualizing Flow of Uncertainty through Analytical Processes},
year={2012},
volume={18},
number={12},
pages={2526-2535},
keywords={data analysis;data visualisation;analysis pipeline;analytical processes;data transformation;data transformations;data-intensive applications;multivariate data analysis;uncertainty flow visualization;uncertainty-aware visualization;visual analytics process;visual metaphor;Covariance matrix;Data visualization;Ellipsoids;Uncertainty;Visual analytics;Uncertainty visualization;error ellipsoids;uncertainty fusion;uncertainty propagation;uncertainty quantification},
ISSN={1077-2626},
month={Dec},}

@article{funahashi2008celldesigner,
  title={CellDesigner 3.5: a versatile modeling tool for biochemical networks},
  author={Funahashi, Akira and Matsuoka, Yukiko and Jouraku, Akiya and Morohashi, Mineo and Kikuchi, Norihiro and Kitano, Hiroaki},
  journal={Proceedings of the IEEE},
  volume={96},
  number={8},
  pages={1254--1265},
  year={2008},
  publisher={IEEE}
}

@inproceedings{badam2014polychrome,
 author = {Badam, Sriram Karthik and Elmqvist, Niklas},
 title = {PolyChrome: A Cross-Device Framework for Collaborative Web Visualization},
 booktitle = {Proceedings of the Ninth ACM International Conference on Interactive Tabletops and Surfaces},
 series = {ITS '14},
 year = {2014},
 isbn = {978-1-4503-2587-5},
 location = {Dresden, Germany},
 pages = {109--118},
 \\numpages = {10},
 \\acmid = {2669518},
 \\publisher = {ACM},
 \\address = {New York, NY, USA},
 keywords = {co-browsing, cross-device interaction, distributed visualization, multi-display environments},
}

@article{bostock2011d3,
  title={D$^3$ data-driven documents},
  author={Bostock, Michael and Ogievetsky, Vadim and Heer, Jeffrey},
  journal={Visualization and Computer Graphics, IEEE Transactions on},
  volume={17},
  number={12},
  pages={2301--2309},
  year={2011},
  publisher={IEEE}
}

@inproceedings{esenther2002instant,
  title={Instant co-browsing: Lightweight real-time collaborative Web browsing},
  author={Esenther, Alan W},
  booktitle={Proceedings of the World Wide Web Conference},
  year={2002}
}

@incollection{archambault2014temporal,
  title={Temporal multivariate networks},
  author={Archambault, Daniel and Abello, James and Kennedy, Jessie and Kobourov, Stephen and Ma, Kwan-Liu and Miksch, Silvia and Muelder, Chris and Telea, Alexandru C},
  booktitle={Multivariate Network Visualization},
  pages={151--174},
  year={2014},
  publisher={Springer},
	address = {Heidelberg, Germany}
}

@article{moody2005dynamic,
  title={Dynamic network visualization},
  author={Moody, James and McFarland, Daniel and Bender-deMoll, Skye},
  journal={American Journal of Sociology},
  volume={110},
  number={4},
  pages={1206--1241},
  year={2005}
  }


@article{van2014multivariate,
  title={Multivariate network exploration and presentation: From detail to overview via selections and aggregations},
  author={Van Den Elzen, Stef and Van Wijk, Jarke J},
  journal={IEEE Transactions on Visualization and Computer Graphics},
  volume={20},
  number={12},
  pages={2310--2319},
  year={2014},
  publisher={IEEE}
}

@article{willett2007scented,
  title={Scented widgets: Improving navigation cues with embedded visualizations},
  author={Willett, Wesley and Heer, Jeffrey and Agrawala, Maneesh},
  journal={IEEE Transactions on Visualization and Computer Graphics},
  volume={13},
  number={6},
  pages={1129--1136},
  year={2007},
  publisher={IEEE}
}
